@misc{web:huxtable,
      author = "Jerry Huxtable",
      title = "Java Image Processing",
      howpublished = "\url{http://huxtable.com/ip/filters/index.html}"
}